
<record>
  <leader>02122nam a22002655i 4500</leader>
  <controlfield tag="001">21351563</controlfield>
  <datafield tag="906" ind1=" " ind2=" ">
    <subfield code="a">0</subfield>
    <subfield code="b">ibc</subfield>
    <subfield code="c">origres</subfield>
    <subfield code="d">u</subfield>
    <subfield code="e">ncip</subfield>
    <subfield code="f">20</subfield>
    <subfield code="g">y-gencatlg</subfield>
  </datafield>
  <datafield tag="925" ind1="0" ind2=" ">
    <subfield code="a">acquire</subfield>
    <subfield code="b">1 shelf copy</subfield>
    <subfield code="x">policy default</subfield>
  </datafield>
  <datafield tag="955" ind1=" " ind2=" ">
    <subfield code="a">ve04 2020-01-03</subfield>
  </datafield>
  <controlfield tag="005">20200103193114.0</controlfield>
  <controlfield tag="008">190908s2019    jm            000 0 eng  </controlfield>
  <datafield tag="020" ind1=" " ind2=" ">
    <subfield code="a">9789766379841</subfield>
  </datafield>
  <datafield tag="035" ind1=" " ind2=" ">
    <subfield code="a">(PR-SjLB)bv0000008101</subfield>
  </datafield>
  <datafield tag="040" ind1=" " ind2=" ">
    <subfield code="a">DLC</subfield>
    <subfield code="b">eng</subfield>
    <subfield code="c">DLC</subfield>
    <subfield code="e">rda</subfield>
  </datafield>
  <datafield tag="042" ind1=" " ind2=" ">
    <subfield code="a">pcc</subfield>
  </datafield>
  <datafield tag="245" ind1="0" ind2="0">
    <subfield code="a">Journey to the Promised Land :</subfield>
    <subfield code="b">theological reflections by Neville W. deSouza on Jamaica&apos;s journey, 1979-2000 /</subfield>
    <subfield code="c">edited by Howard K.A. Gregory.</subfield>
  </datafield>
  <datafield tag="264" ind1=" " ind2="1">
    <subfield code="a">Kingston ;</subfield>
    <subfield code="a">Miami :</subfield>
    <subfield code="b">Ian Randle Publishers,</subfield>
    <subfield code="c">2019.</subfield>
  </datafield>
  <datafield tag="300" ind1=" " ind2=" ">
    <subfield code="a">354 pages ;</subfield>
    <subfield code="c">23 cm</subfield>
  </datafield>
  <datafield tag="336" ind1=" " ind2=" ">
    <subfield code="a">text</subfield>
    <subfield code="b">txt</subfield>
    <subfield code="2">rdacontent</subfield>
  </datafield>
  <datafield tag="337" ind1=" " ind2=" ">
    <subfield code="a">unmediated</subfield>
    <subfield code="b">n</subfield>
    <subfield code="2">rdamedia</subfield>
  </datafield>
  <datafield tag="338" ind1=" " ind2=" ">
    <subfield code="a">volume</subfield>
    <subfield code="b">nc</subfield>
    <subfield code="2">rdacarrier</subfield>
  </datafield>
  <datafield tag="504" ind1=" " ind2=" ">
    <subfield code="a">Includes bibliography.</subfield>
  </datafield>
  <datafield tag="520" ind1=" " ind2=" ">
    <subfield code="a">&quot;The project of decolonisation in the Caribbean is an ongoing one. The emergence of Caribbean theological reflection and the development of Caribbean Theology has naturally been part and parcel of the growing consciousness of Caribbean identity that began in the 1960s. Initially stymied by influences from the North that wrongly identified the movement as Liberation Theology with the attendant tentacles of socialism, Neville W. deSouza was the outspoken 12th Bishop of the Diocese of Jamaica and the Cayman Islands whose expressions of the role of the church and the state and the alignment of the church with the working class, the people, rather than elite, to bring about social change, gave voice to the indigenization of the Church in Jamaica. In Journey to the Promised Land, Howard K.A. Gregory presents deSouza&apos;s Synod sermons between 1980 and 2000. Delivered during a socially and economically tumultuous time in Jamaica&apos;s contemporary history, deSouza brought theological and biblical reflection on the challenges facing the country and the mission to which the Church and the nation were called. Two decades later, the messages still resonate and reflect the depth of Bishop deSouza&apos;s theological reflection&quot;.</subfield>
  </datafield>
  <datafield tag="923" ind1=" " ind2=" ">
    <subfield code="d">20191212</subfield>
    <subfield code="n">17682</subfield>
    <subfield code="s">PR-SjLB</subfield>
  </datafield>
  <datafield tag="985" ind1=" " ind2=" ">
    <subfield code="e">VENDOR LOAD</subfield>
  </datafield>
</record>