
<record>
  <leader>01850nam a22002775i 4500</leader>
  <controlfield tag="001">21351573</controlfield>
  <datafield tag="906" ind1=" " ind2=" ">
    <subfield code="a">0</subfield>
    <subfield code="b">ibc</subfield>
    <subfield code="c">origres</subfield>
    <subfield code="d">u</subfield>
    <subfield code="e">ncip</subfield>
    <subfield code="f">20</subfield>
    <subfield code="g">y-gencatlg</subfield>
  </datafield>
  <datafield tag="925" ind1="0" ind2=" ">
    <subfield code="a">acquire</subfield>
    <subfield code="b">1 shelf copy</subfield>
    <subfield code="x">policy default</subfield>
  </datafield>
  <datafield tag="955" ind1=" " ind2=" ">
    <subfield code="a">ve04 2020-01-03</subfield>
  </datafield>
  <controlfield tag="005">20200103193135.0</controlfield>
  <controlfield tag="008">191212s2019    dr            000 0 spa  </controlfield>
  <datafield tag="020" ind1=" " ind2=" ">
    <subfield code="a">9789945804034</subfield>
  </datafield>
  <datafield tag="035" ind1=" " ind2=" ">
    <subfield code="a">(PR-SjLB)bv0000008207</subfield>
  </datafield>
  <datafield tag="040" ind1=" " ind2=" ">
    <subfield code="a">DLC</subfield>
    <subfield code="b">eng</subfield>
    <subfield code="c">DLC</subfield>
    <subfield code="e">rda</subfield>
  </datafield>
  <datafield tag="042" ind1=" " ind2=" ">
    <subfield code="a">pcc</subfield>
  </datafield>
  <datafield tag="100" ind1="1" ind2=" ">
    <subfield code="a">Neubauer, Guadalupe.</subfield>
  </datafield>
  <datafield tag="245" ind1="1" ind2="0">
    <subfield code="a">Redes intelectuales latinoamericanas :</subfield>
    <subfield code="b">Alfonso Reyes y Pedro Henríguez Ureña en Argentina /</subfield>
    <subfield code="c">Guadalupe Neubauer.</subfield>
  </datafield>
  <datafield tag="264" ind1=" " ind2="1">
    <subfield code="a">Santo Domingo :</subfield>
    <subfield code="b">Ediciones Cielonaranja,</subfield>
    <subfield code="c">c2019.</subfield>
  </datafield>
  <datafield tag="300" ind1=" " ind2=" ">
    <subfield code="a">162 pages ;</subfield>
    <subfield code="c">22 cm</subfield>
  </datafield>
  <datafield tag="336" ind1=" " ind2=" ">
    <subfield code="a">text</subfield>
    <subfield code="b">txt</subfield>
    <subfield code="2">rdacontent</subfield>
  </datafield>
  <datafield tag="337" ind1=" " ind2=" ">
    <subfield code="a">unmediated</subfield>
    <subfield code="b">n</subfield>
    <subfield code="2">rdamedia</subfield>
  </datafield>
  <datafield tag="338" ind1=" " ind2=" ">
    <subfield code="a">volume</subfield>
    <subfield code="b">nc</subfield>
    <subfield code="2">rdacarrier</subfield>
  </datafield>
  <datafield tag="500" ind1=" " ind2=" ">
    <subfield code="a">Well-documented study on the cultural, intellectual and literary contributions of Pedro Henriquez Ureña (1884-1946) and Alfonso Reyes (1889-1959) during their time in Argentina. Pedro Henríquez Ureña (1884-1946), the great Dominican humanist, is considered one of the most important scholars of the Spanish language, son of the Dominican poet Salomé Ureña and Francisco Henríquez y Carvajal, Dominican doctor, lawyer, writer and educator.  Henríquez Ureña published Horas de estudio (1910), En la orilla de mi España (1922), La utopía de América (1925), Seis ensayos en busca de nuestra expresión (1928), La cultura y las letras coloniales de Santo Domingo (1936), y Corrientes literarias en la América Hispana (1941), among many other works. Alfonso Reyes Ochoa (1889-1959) was a Mexican writer, philosopher and diplomat. He was nominated for the Nobel Prize in Literature five times.</subfield>
  </datafield>
  <datafield tag="504" ind1=" " ind2=" ">
    <subfield code="a">Includes bibliographical references and bibliography.</subfield>
  </datafield>
  <datafield tag="923" ind1=" " ind2=" ">
    <subfield code="d">20191212</subfield>
    <subfield code="n">17683</subfield>
    <subfield code="s">PR-SjLB</subfield>
  </datafield>
  <datafield tag="985" ind1=" " ind2=" ">
    <subfield code="e">VENDOR LOAD</subfield>
  </datafield>
</record>