
<record>
  <leader>01057nam a22002655i 4500</leader>
  <controlfield tag="001">21351614</controlfield>
  <datafield tag="906" ind1=" " ind2=" ">
    <subfield code="a">0</subfield>
    <subfield code="b">ibc</subfield>
    <subfield code="c">origres</subfield>
    <subfield code="d">u</subfield>
    <subfield code="e">ncip</subfield>
    <subfield code="f">20</subfield>
    <subfield code="g">y-gencatlg</subfield>
  </datafield>
  <datafield tag="925" ind1="0" ind2=" ">
    <subfield code="a">acquire</subfield>
    <subfield code="b">1 shelf copy</subfield>
    <subfield code="x">policy default</subfield>
  </datafield>
  <datafield tag="955" ind1=" " ind2=" ">
    <subfield code="a">ve14 2020-01-03</subfield>
  </datafield>
  <controlfield tag="005">20200103193244.0</controlfield>
  <controlfield tag="008">190813s2019    enk    f      000 0 eng  </controlfield>
  <datafield tag="020" ind1=" " ind2=" ">
    <subfield code="a">9781789693065 (pbk.) :</subfield>
    <subfield code="c">£45.00</subfield>
  </datafield>
  <datafield tag="035" ind1=" " ind2=" ">
    <subfield code="a">(Uk-RwCLS)uk54994114</subfield>
  </datafield>
  <datafield tag="040" ind1=" " ind2=" ">
    <subfield code="a">DLC</subfield>
    <subfield code="b">eng</subfield>
    <subfield code="c">DLC</subfield>
    <subfield code="e">rda</subfield>
  </datafield>
  <datafield tag="042" ind1=" " ind2=" ">
    <subfield code="a">pcc</subfield>
  </datafield>
  <datafield tag="111" ind1="2" ind2=" ">
    <subfield code="a">International Conference on Archaeological Prospection</subfield>
    <subfield code="n">(13th :</subfield>
    <subfield code="d">2019 :</subfield>
    <subfield code="c">Sligo, Ireland),</subfield>
    <subfield code="j">creator.</subfield>
  </datafield>
  <datafield tag="245" ind1="1" ind2="0">
    <subfield code="a">New global perspectives on archaeological prospection :</subfield>
    <subfield code="b">13th International Conference on Archaeological Prospection, 28 August - 1 September 2019, Sligo - Ireland /</subfield>
    <subfield code="c">James Bonsall.</subfield>
  </datafield>
  <datafield tag="264" ind1=" " ind2="1">
    <subfield code="a">Oxford :</subfield>
    <subfield code="b">Archaeopress Archaeology,</subfield>
    <subfield code="c">2019.</subfield>
  </datafield>
  <datafield tag="300" ind1=" " ind2=" ">
    <subfield code="a">366 pages ;</subfield>
    <subfield code="c">29 cm</subfield>
  </datafield>
  <datafield tag="336" ind1=" " ind2=" ">
    <subfield code="a">text</subfield>
    <subfield code="b">txt</subfield>
    <subfield code="2">rdacontent</subfield>
  </datafield>
  <datafield tag="337" ind1=" " ind2=" ">
    <subfield code="a">unmediated</subfield>
    <subfield code="b">n</subfield>
    <subfield code="2">rdamedia</subfield>
  </datafield>
  <datafield tag="338" ind1=" " ind2=" ">
    <subfield code="a">volume</subfield>
    <subfield code="b">nc</subfield>
    <subfield code="2">rdacarrier</subfield>
  </datafield>
  <datafield tag="700" ind1="1" ind2=" ">
    <subfield code="a">Bonsall, James,</subfield>
    <subfield code="e">editor.</subfield>
  </datafield>
  <datafield tag="923" ind1=" " ind2=" ">
    <subfield code="d">12-12-19</subfield>
    <subfield code="n">I-200012325</subfield>
    <subfield code="g">1</subfield>
    <subfield code="s">Uk-RwCLS</subfield>
  </datafield>
  <datafield tag="985" ind1=" " ind2=" ">
    <subfield code="e">VENDOR LOAD</subfield>
  </datafield>
</record>